@Book{contohdafpus,
	author={Abdurrohman Ibnul Mufadlol},
	title={Template \LaTeX\space untuk Laporan Tugas Akhir},
	year="2021",
	publisher="Kerja Praktek",
	address="Sekolah Tinggi Teknologi Nuklir"
}